@article{nadarajah2016gaussian-product,
  title={On the distribution of the product of correlated normal random variables},
  author={Nadarajah, Saralees and Pog{\'a}ny, Tibor K},
  journal={Comptes Rendus. Math{\'e}matique},
  volume={354},
  number={2},
  pages={201--204},
  year={2016}
}


@article{george2018fast,
  title={Fast approximate natural gradient descent in a kronecker factored eigenbasis},
  author={George, Thomas and Laurent, C{\'e}sar and Bouthillier, Xavier and Ballas, Nicolas and Vincent, Pascal},
  journal={Advances in neural information processing systems},
  volume={31},
  year={2018}
}
